

@book{/content/component/9789264104112-6-en,
   author = "OECD",
   title = "The Definition and Classification of Educational Programmes",
   year = "2004",
   pages = ,
   url = "https://www.oecd-ilibrary.org/content/component/9789264104112-6-en",
   doi = "https://doi.org/https://doi.org/10.1787/9789264104112-6-en" 
}

